@online{GeometriArt,
  title={cara membuat geometri art},
  author={Heryadi Aldi Rizki},
  url = {https://vt.tiktok.com/ZS29839ua/},
  year={2024}
}
