@article{Widi_et_al_2018,
  title = {Kedisiplinan siswa-siswi SMA ditinjau dari perilaku shalat wajib lima waktu},
  author = {Widi, Eggy Nararya Narendra and Saraswati, Putri and Dayakisni, Tri},
  journal = {Jurnal Psikologi Islam},
  volume = {4}, number = {2}, pages = {135--150}, year = {2018},
  month = jan,
  url = {http://jpi.api-himpsi.org/index.php/jpi/article/view/45}
}
@article{Hurlock_1991, 
  author = {Elizabeth Bergner Hurlock},
  title = {Perkembangan anak},
  publisher = {Erlangga},
  volume ={1}, 
  year ={1991}
 }
@article{njoroge_2014,
 title = {Discipline as a Factor in Academic Performance in Kenya},
 author = {Philomena Mukami Njoroge},
 year = {2014},
  volume = {1},
 url = {https://doi.org/10.5901/jesr.2014.v4n1p289 }
 }

@book{tu2004peran,
  title = {Peran disiplin pada perilaku dan prestasi siswa},
  author = {Tu'u, Tulus},
  year = {2004},
  publisher = {Grasindo},
  address = {Jakarta}
}
@article{ariananda2014pengaruh,
  title={Pengaruh kedisiplinan siswa di sekolah terhadap prestasi belajar siswa teknik pendingin},
  author={Ariananda, Eka S and Hasan, Syamsuri and Rakhman, Maman},
  journal={Journal of Mechanical Engineering Education (Jurnal Pendidikan Teknik Mesin)},
  volume={1},
  number={2},
  pages={233--238},
  year={2014}
}

@book{Sumantri_2010,
  title = {Pengaruh disiplin belajar terhadap prestasi belajar siswa kelas XI SMK PGRI 4 Ngawi Tahun Pelajaran 2009/2010,},
  booktitle = {Media Prestasi},
  volume = {6},
  author = {Sumantri B}
}

@article{Samani_Hariyanto,
  author= {Samani, M. and Hariyanto},
  year={2012},
  title={Konsep dan model pendidikan karakter},
  publisher={PT Remaja Rosdakarya},
  address={Bandung}
}
@article{anzalena2019faktor,
  title={Faktor penyebab indisipliner siswa dalam mematuhi tata tertib di sekolah dasar},
  author={Anzalena, R. and Yusuf, S. and Lukman, L.},
  journal={Jurnal PGSD},
  volume={12},
  number={2},
  pages={123--132},
  year={2019}
}
  @article{widodo2017sekolah,
  title={Sekolah Ramah Hak Asasi Manusia ( SR HAM ): Solusi Menghapus Pelanggaran HAM di Sekolah},
  author={Widodo, R.},
  journal={Sekolah Ramah Hak Asasi Manusia ( SR HAM ): Solusi Menghapus Pelanggaran HAM di Sekolah},
  year={2017},
  pages={1-28}
}
@article{zimmerman2014comparing,
  title={Comparing students' self-discipline and self-regulation measures and their prediction of academic achievement},
  author={Zimmerman, J. B. and Kitsantas, A.},
  journal={Contemporary Educational Psychology},
  volume={39},
  year={2014},
  pages={145--155},
  url={https://doi.org/10.1016/j.cedpsych.2014.03.004}
}
@article{febriyanto2020pendidikan,
  title={Pendidikan karakter dan nilai kedisiplinan peserta didik di sekolah},
  author={Febriyanto, Budi and Patimah, Dewi Siti and Rahayu, Ayu Putri and Masitoh, Euis Intan},
  journal={Jurnal Elementaria Edukasia},
  volume={3},
  number={1},
  pages={75--81},
  year={2020}
}

@article{samrin2016pendidikan,
  title={Pendidikan Karakter (Sebuah Pendekatan Nilai)},
  author={Samrin},
  journal={Jurnal Al-Taâ€™dib},
  volume={9},
  number={1},
  pages={120--143},
  year={2016}
}
@article{hadianti2017pengaruh,
  title={Pengaruh Pelaksanaan tata tertib sekolah terhadap kedisiplinan belajar siswa (Penelitian deskriftif analisis di SDN Sukakarya II Kecamatan samarang Kabupaten Garut)},
  author={Hadianti, Leli Siti},
  journal={Jurnal Pendidikan UNIGA},
  volume={2},
  number={1},
  pages={1--8},
  year={2017}
}

