@book{Soemarwoto2005,
  author    = {Soemarwoto, R.},
  year      = {2005},
  title     = {Ecological Wisdom in Javanese Cultural Landscape},
  publisher = {ITB Press},
  address   = {Bandung}
}

@report{Bappenas2023,
  author    = {{Bappenas}},
  year      = {2023},
  title     = {Laporan Pembangunan Maritim},
  institution = {Kementerian PPN},
  address   = {Jakarta}
}

@misc{UN1982,
  author    = {{United Nations}},
  year      = {1982},
  title     = {United Nations Convention on the Law of the Sea},
  publisher = {UN Publications},
  address   = {New York}
}
