@article{rachamwati2022freight,
  author={Rachamwati, Nur Layli},
  journal={Jurnal Logistik Indonesia},
  title={Freight Train Scheduling using Integer Linear Programming: A Case Study of Cement Distribution},
  year={2022},
  volume={6},
  number={2},
  pages={101--106}
}

@article{akbar2023perancangan,
  author={Akbar, Ilham and Ardiansyah, Muhammad Nashir and Kusuma, Putu Giri Artha},
  title={PERANCANGAN RUTE PENGIRIMAN MENGGUNAKAN MODEL INTEGER LINEAR PROGRAMMING UNTUK MEMINIMASI TINGKAT KETERLAMBATAN PENGIRIMAN DAN BIAYA TRANSPORTASI (STUDI KASUS: PT. POS LOGISTIK INDONESIA)},
  journal={E-Proceeding of Engineering},
  year={2023},
  pages={1--8}
}

@article{nalaswati2019perancangan,
  author={Nalaswati, Chientya Teguh},
  title={PERANCANGAN TATA LETAK LAPANGAN PENYIMPANAN PETI KEMAS MENGGUNAKAN INTEGER LINEAR PROGRAMMING (STUDI KASUS : PT. PELABUHAN INDONESIA I (PERSERO) CABANG MALAHAYATI)},
  year={2019},
  institution={Universitas Syiah Kuala}
}

@article{anonim2023optimasi,
  author={Anonim},
  title={Optimasi Kapasitas Produksi Dengan Integer Linear Programming},
  journal={Vastuwidya},
  year={2023},
  volume={7},
  number={1},
  pages={31--39}
}

@article{lesmana2018aplikasi,
  author={Lesmana, E. and Badrulfalah and Bahtiar},
  journal={Jurnal Teorema: Teori dan Riset Matematika},
  title={Aplikasi Model Mixed Integer Linear Programming untuk Pengolahan dan Pendistribusian Ikan pada Industri Perikanan (Studi Kasus: PT. Multi Mina Rejeki)},
  year={2018},
  volume={3},
  number={2},
  pages={195--206}
}

@article{hutomo2020implementasi,
  author={Hutomo, A.R. and Fitrananda, A. and Marshadiany, A. and Prikarti, G.P. and Imah, E.M.},
  journal={Jurnal Sistem Informasi},
  title={IMPLEMENTASI ALGORITMA INTEGER LINEAR PROGRAMMING UNTUK SISTEM INFORMASI PENJADWALAN RUANGAN DI FAKULTAS ILMU KOMPUTER UNIVERSITAS INDONESIA},
  year={2020},
  volume={7},
  number={1},
  pages={25--33}
}

@article{firmansyah2023optimalisasi,
  author={Firmansyah and Alamsyah},
  journal={Jurnal Sains dan Teknologi Terapan},
  title={Optimalisasi Keuntungan UMKM Kerupuk Alfanas dengan Model Integer Linear Programming dan Assignment},
  year={2023},
  volume={VIII},
  number={2},
  pages={5278--5285}
}

@article{mahendra2015optimasi,
  author={Mahendra, M. Y.},
  title={Optimasi rute distribusi bantuan logistik korban bencana merapi se-daerah Istimewa Yogyakarta},
  year={2015},
  institution={Universitas Gadjah Mada}
}

@article{alfian2019model,
  author={Alfian, Achmad},
  journal={Jurnal Ilmiah Teknik Industri},
  title={Model Integer Programming untuk Mengoptimalkan Perencanaan Produksi di UKM “X”},
  year={2019},
  volume={7},
  number={2},
  pages={99--107}
}

@article{yuliani2021penerapan,
  author={Yuliani, Rika and Pratiwi, Diah Ayu and Asih, Sri},
  journal={Jurnal Informatika dan Sistem Informasi (JIFo)},
  title={PENERAPAN MODEL INTEGER LINEAR PROGRAMMING DALAM OPTIMASI PENJADWALAN PERKULIAHAN SECARA OTOMATIS},
  year={2021},
  volume={2},
  number={1},
  pages={1--10}
}

@article{safitri2020penerapan,
  author={Safitri, E. and Basriati, S. and Najmi, H.},
  journal={KUBIK: Jurnal Publikasi Ilmiah Matematika},
  title={Penerapan Metode Branch and Bound dalam Optimalisasi Poduk Mebel (Studi Kasus: Toko Mebel di Jalan Marsan Panam)},
  year={2020},
  volume={5},
  number={1},
  pages={43--53}
}

@article{widyastiti2021pemrograman,
  author={Widyastiti, M. and Sumarsa, A.},
  journal={Jurnal Matematika, Statistika dan Komputasi},
  title={Pemrograman Linier Bilangan Bulat Dalam Menentukan Banyaknya Perawat Yang Bekerja Di Rumah Sakit},
  year={2021},
  volume={18},
  number={1},
  pages={125--134}
}

@article{basriati2018integer,
  author={Basriati, S.},
  journal={Jurnal Sains Matematika dan Statistika},
  title={Integer linear programming dengan pendekatan metode cutting plane dan branch and bound untuk optimasi produksi tahu},
  year={2018},
  volume={4},
  number={2},
  pages={95--104}
}

@article{purba2020integer,
  author={Purba, S. D. and Ahyaningsih, F.},
  journal={Jurnal Karismatika},
  title={Integer Programming Dengan Metode Branch and Bound Dalam Optimasi Jumlah Produksi Setiap Jenis Roti Pada PT. Arima Anugerah Abadi},
  year={2020},
  volume={6},
  number={3}
}

@article{firdaus2019implementasi,
  author={Firdaus, Y. N. and Litano, N. and Hermansyah, A. and Nurhadiyati, S. and Falani, I.},
  journal={STRING (Satuan Tulisan Riset dan Inovasi Teknologi)},
  title={Implementasi Algoritma Branch And Bound dalam Penentuan Jumlah Produksi untuk Memaksimalkan Keuntungan},
  year={2019},
  volume={4},
  number={1},
  pages={4--9}
}

@article{setianto2011penjadwalan,
  author={Setianto, D.},
  title={Penjadwalan Kereta Api Menggunakan Pemrograman Linear Integer},
  year={2011},
  institution={Institut Pertanian Bogor}
}

@article{sriastuti2015kereta,
  author={Sriastuti, D. A. N.},
  journal={PADURAKSA},
  title={Kereta Api Pilihan Utama sebagai Moda Alternatif},
  year={2015}
}

@article{putra2011penjadwalan,
  author={Putra, R. S. and Retnaningsih, S. M.},
  title={Penjadwalan Kereta Api di Daop VIII Surabaya},
  year={2011},
  institution={Program Studi Statistika Institut Teknologi Sepuluh Nopember}
}

@article{fadhila2016penjadwalan,
  author={FADHILA, Y. H.},
  title={Penjadwalan Kereta Api Jalur Tunggal Lintasan Pendek dengan Menggunakan Greedy Job-Shop Sceduling (Studi Kasus: Jalur Kereta Api Solo Balapan-Sragen)},
  year={2016},
  institution={Universitas Sebelas Maret, Surakarta}
}

@inproceedings{malysiak2022mixed,
  author={Malysiak, K. and Ren, F. and Hu, H. and Du, B.},
  booktitle={International Conference on Computer Supported Cooperative Work in Design (CSCWD)},
  title={A Mixed Integer Linear Programming Model for Train Service Improvement},
  year={2022},
  organization={IEEE}
}

@article{purwanangsih2020model,
  author={Purwanangsih, Y. T.},
  title={Model Matematika Perjalanan Kereta Api Lintas Purwokerto-Kutoarjo Menggunakan Program Linear Integer Metode Branch and Bound dan Perangkat Lunak LINGO 17.0},
  year={2020},
  institution={Universitas Sanaha Dharma Yogyakarta}
}

@article{higgins1996optimal,
  author={Higgins, A. and Kozan, E. and Ferreira, L.},
  journal={Transportation Research Part B: Methodological},
  title={Optimal scheduling of trains on a single line track},
  year={1996},
  volume={30},
  number={2},
  pages={147--161}
}

@book{winston2004operations,
  author={Winston, Wayne L.},
  title={Operations research applications and algorithms},
  year={2004},
  publisher={Brooks/Cole-Thomson Learning}
}

@misc{stiami2015kereta,
  author={Dwiyatcita, N. A. and Hanum, F. and Bakhtiar, T.},
  title={Penjadwalan kereta api jalur ganda: model job-shop dan aplikasinya},
  year={2012},
  note={Seminar Nasional Sains V "Sains sebagai Landasan Inovasi dalam Bidang Energi, Lingkungan, dan Pertanian Berkelanjutan, Bogor"}
}

@inproceedings{pascariu2021train,
  author={Pascariu, B. and Samà, M. and Pellegrini, P. and D'Arian, A. and Pacciarelli, D. and Rodriguez, J.},
  booktitle={16th IFAC Symposium on Control in Transportation Systems CTS 2021},
  title={Train Routing Selection Problem: Ant Colony Optimization Versus Integer Linear Programming},
  year={2021},
  organization={IFAC}
}

@misc{scribd2023modul,
  author={Scribd},
  title={Modul 2 Pemrogramma Integer MetStok},
  year={2020}
}

@misc{wikipedia2023programlinear,
  author={Wikipedia},
  title={Program linear},
  year={2023},
  url={https://id.wikipedia.org/wiki/Program_linear}
}

@book{unbari2017bukuprogram,
  author={Universitas Batanghari},
  title={Buku Program Linier},
  year={2017}
}

@thesis{its2023optimasi,
  author={Warman, Raka Ananta Adhitya},
  title={OPTIMASI PENJADWALAN KARYAWAN MENGGUNAKAN METODE GOAL PROGRAMMING (STUDI KASUS PT ABC)},
  year={2023},
  institution={Institut Teknologi Sepuluh Nopember}
}

@misc{scribd2023risetoperasi,
  author={Scribd},
  title={11335 Riset Operasi Pertemuan 2 Kelas a},
  year={2016}
}

@thesis{radenintan2016skripsi,
  author={Mrz., Ainul},
  title={Skripsi Lengkap Ainul Mrz.},
  year={2016},
  institution={IAIN Raden Intan Lampung}
}

@thesis{usk2019perancangan,
  author={Nalaswati, Chientya Teguh},
  title={PERANCANGAN TATA LETAK LAPANGAN PENYIMPANAN PETI KEMAS MENGGUNAKAN INTEGER LINEAR PROGRAMMING (STUDI KASUS : PT. PELABUHAN INDONESIA I (PERSERO) CABANG MALAHAYATI)},
  year={2019},
  institution={Universitas Syiah Kuala}
}

@article{mercubuana2023optimalisasi,
  author={Anonim},
  title={Optimalisasi Kapasitas Produksi Dengan Integer Linear Programming},
  journal={Vastuwidya},
  year={2023},
  volume={7},
  number={1},
  pages={31--39}
}

@article{telkomuniversity2023perancangan,
  author={Akbar, Ilham and Ardiansyah, Muhammad Nashir and Kusuma, Putu Giri Artha},
  title={PERANCANGAN RUTE PENGIRIMAN MENGGUNAKAN MODEL INTEGER LINEAR PROGRAMMING UNTUK MEMINIMASI TINGKAT KETERLAMBATAN PENGIRIMAN DAN BIAYA TRANSPORTASI (STUDI KASUS: PT. POS LOGISTIK INDONESIA)},
  journal={E-Proceeding of Engineering},
  year={2023},
  pages={1--8}
}

@article{mercubuana2023penelitian,
  author={Anonim},
  title={Penelitian ini bertujuan mengatasi masalah mendesak yang dihadapi perusahaan manufaktur kertas paper core untuk memenuhi permintaan pelanggan, dengan optimalisasi perencanaan produksi dan urutan proses yang efisien},
  year={2023}
}

@article{garuda2023modelinteger,
  author={Anonim},
  title={MODEL INTEGER PROGRAMMING STUDI KASUS PADA JURUSAN TEKNIK INDUSTRI FAKULTAS TEKNIK UNIVERSITAS PATTIMURA AMBON},
  year={2023}
}

@article{unigal2018aplikasi,
  author={Lesmana, E. and Badrulfalah and Bahtiar},
  journal={Jurnal Teorema: Teori dan Riset Matematika},
  title={APLIKASI MODEL MIXED INTEGER LINEAR PROGRAMMING UNTUK PENGOLAHAN DAN PENDISTRIBUSIAN IKAN PADA INDUSTRI PERIKANAN (STUDI KASUS: PT. MULTI MINA REJEKI)},
  year={2018},
  volume={3},
  number={2},
  pages={195--206}
}

@article{neliti2023implementasi,
  author={Hutomo, A.R. and Fitrananda, A. and Marshadiany, A. and Prikarti, G.P. and Imah, E.M.},
  title={IMPLEMENTASI ALGORITMA INTEGER LINEAR PROGRAMMING UNTUK SISTEM INFORMASI PENJADWALAN RUANGAN DI FAKULTAS ILMU KOMPUTER UNIVERSITAS INDONESIA},
  year={2020}
}

@article{serambimekkah2023optimalisasi,
  author={Firmansyah and Alamsyah},
  journal={Jurnal Sains dan Teknologi Terapan},
  title={Optimalisasi Keuntungan UMKM Kerupuk Alfanas dengan Model Integer Linear Programming dan Assignment},
  year={2023},
  volume={VIII},
  number={2},
  pages={5278--5285}
}

@article{uinsgd2023programlinier,
  author={Anonim},
  title={Program linier adalah suatu teknik penyelesaian optimal atas suatu masalah keputusan dengan cara menentukan terlebih dahulu fungsi tujuan (memaksimumkan atau meminimumkan) dari kendala–kendala yang ada dalam persamaan linier},
  year={2023}
}

@article{garuda2023penerapan,
  author={Yuliani, Rika and Pratiwi, Diah Ayu and Asih, Sri},
  journal={Jurnal Informatika dan Sistem Informasi (JIFo)},
  title={PENERAPAN MODEL INTEGER LINEAR PROGRAMMING DALAM OPTIMASI PENJADWALAN PERKULIAHAN SECARA OTOMATIS},
  year={2021},
  volume={2},
  number={1},
  pages={1--10}
}

@article{talentaconfseries2023programlinier,
  author={Anonim},
  title={Program Linier Integer Murni merupakan optimisasi kombinatorial yang tidak mudah untuk diselesaikan secara efisien},
  year={2023}
}

@article{fmipaunsrat2023programlinear,
  author={Anonim},
  title={Program Linear adalah salah satu bagian penyelesaian dalam Riset Operasi untuk memecahkan masalah-masalah linear dan bagaimana kita mendapatkan keputusan-keputusan yang optimal},
  year={2023}
}

@article{unesa2023penjadwalan,
  author={Anonim},
  title={Penjadwalan yang tepat untuk mengoptimalkan jadwal karyawan},
  year={2023}
}

@article{ung2023modelinteger,
  author={Anonim},
  title={Model Integer Linear Programming pada Optimisasi Distribusi Logistik di Daerah Bencana},
  year={2023}
}

@article{untar2023optimalisasi,
  author={Anonim},
  title={Optimalisasi Produksi Almari Menggunakan Metode Linear Programming (Studi Kasus UKM “X”)},
  journal={Jurnal Teknik Industri},
  year={2023},
  volume={8},
  number={2},
  pages={81--88}
}

@article{comserva2023pengertian,
  author={Anonim},
  journal={Comserva: Jurnal Penelitian dan Pengabdian Masyarakat},
  title={Pengertian Program Linier},
  year={2023},
  volume={2},
  number={2},
  pages={119--126}
}

@article{uisu2023peneliti,
  author={Anonim},
  title={Peneliti melakukan studi kasus pada France Bakery Binjai untuk pengambilan data sekunder dengan cara survei ke lokasi untuk mengamati permasalahan yang terjadi},
  year={2023}
}

@article{researchgate2023integerlinear,
  author={Anonim},
  title={Integer linear programming application in production results optimization using cutting plane method},
  year={2023}
}

@article{uinsuska2023integerlinear,
  author={Anonim},
  journal={Justindo Sains Matematika dan Statistika},
  title={Integer linear programming is a mathematical settlement model in which the results of solving linear programming cases in the form of fractions are converted into integers},
  year={2023}
}

@article{aripi2023analisis,
  author={Anonim},
  journal={ARJUNA: Jurnal Akuntansi Riset},
  title={Analisis Penyelesaian Pada Permasalahan Pure Integer Linear Programming Dengan Menggunakan Metode Branch And Bound Dan Cutting Plane},
  year={2023},
  volume={1},
  number={5},
  pages={104--112}
}

@article{mercubuana2023itisshows,
  author={Anonim},
  title={It is shows a significant improvement of 18.8\% compared to the previous operating margin of IDR 4,069,800,-},
  year={2023}
}

@article{ub2013optimalisasi,
  author={Amellia},
  title={Optimalisasi Rute Pengiriman Bahan Timbunan Proyek Jalan Tol Gempol-Pasuruan Seksi II Ruas Rembang-Pasuruan Menggunakan Metode Mixed Integer Linear Programming},
  year={2013},
  institution={Universitas Brawijaya}
}

@article{researchgate2023penggunaan,
  author={Anonim},
  title={Penggunaan integer linier programming untuk meminimumkan ruang kuliah pada Mata Kuliah Dasar Umum (MKDU) Studi Kasus di Universitas Tribuana Kalabahi},
  year={2023}
}

@article{uns2023integer,
  author={Hartono},
  journal={Matriks Teknik Sipil},
  title={INTEGER PROGRAMMING DENGAN PENDEKATAN METODE BRANCH AND BOUND UNTUK OPTIMASI SISA MATERIAL BESI (WASTE ) PADA PLAT LANTAI (STUDI KASUS : PASAR ELPABES BANJARSARI SURAKARTA)},
  year={2023},
  volume={11},
  number={1},
  pages={31--38}
}

@inproceedings{uinsuska2018penggunaan,
  author={Basriati, S.},
  booktitle={Seminar Nasional Teknologi Informasi Komunikasi dan Industri},
  title={Penggunaan Metode Cutting Plane dalam Menentukan Solusi Integer Linear Programming (Studi Kasus: Dinas Perikanan Pemerintah Kabupaten Kampar)},
  year={2018}
}

@article{intv2023optimal,
  author={Anonim},
  journal={INTEK: Jurnal Teknik},
  title={Optimal Subject Scheduling Using Integer Linear Programming Method},
  year={2023},
  volume={1},
  number={1},
  pages={1--6}
}

@article{leibniz2024optimasi,
  author={Siregar, Amelia Tantri Amanda and Zahedi and Sawaluddin and Sitepu, Suryati},
  journal={Leibniz: Jurnal Matematika},
  title={Optimasi Keuntungan Produksi Pada Industri Kayu PT. Indopal Harapan Murni Menggunakan Linear Programming},
  year={2024},
  volume={4},
  number={2}
}

@article{jsms2023optimasi,
  author={Anonim},
  journal={Justindo Sains Matematika dan Statistika},
  title={Optimasi Perencanaan Produksi Wire Drawing menggunakan Mixed Integer Linear Programming (Studi Kasus di PT. SW)},
  year={2023},
  volume={4},
  number={1},
  pages={1--10}
}

@article{unindra2023perencanaan,
  author={Anonim},
  journal={Jurnal Ilmiah BAIQ Ekonomi dan Kewirausahaan},
  title={Perencanaan Produksi Minuman Kopi Susu Menggunakan Metode Integer Programming},
  year={2023},
  volume={2},
  number={1},
  pages={1--10}
}
