@book{Soemarwoto2005,
  author    = {Soemarwoto, R.},
  year      = {2005},
  title     = {Ecological Wisdom in Javanese Cultural Landscape},
  publisher = {ITB Press},
  address   = {Bandung}
}
@online{hari_nusantara_upi,
  author = {{Kemahasiswaan UPI Cibiru}},
  title = {{Hari Nusantara: Asal Usul Deklarasi Djuanda}},
  url = {https://kd-cibiru.upi.edu/index.php/component/content/article/hari-nusantara-asal-usul-deklarasi-djuanda?catid=39&Itemid=101},
  urldate = {2025-05-23},
  organization = {{Universitas Pendidikan Indonesia Kampus Cibiru}},
  year = {2023} 
}
@misc{GBHN1998,
  title = {Garis-Garis Besar Haluan Negara (GBHN) 1998},
  year = {1998},
  publisher = {Majelis Permusyawaratan Rakyat Republik Indonesia},
  url = {https://regionaldua.tripod.com/GBHN-98.html}
}

@report{Bappenas2023,
  author    = {{Bappenas}},
  year      = {2023},
  title     = {Laporan Pembangunan Maritim},
  institution = {Kementerian PPN},
  address   = {Jakarta}
}

@legalcase{UN1982,
  author    = {{United Nations}},
  title     = {United Nations Convention on the Law of the Sea},
  shorttitle = {UNCLOS},
  year      = {1982},
  date      = {1982-12-10}, 
  urldate   = {2025-05-23}, 
  publisher = {UN Publications},
  address   = {New York},
  volume    = {1833},
  pages     = {397},
  series    = {United Nations Treaty Series},
  number    = {I-31363}, 
  url       = {https://www.un.org/depts/los/convention_agreements/texts/unclos/unclos_e.pdf}
}

@article{SISHANKAMRATA,
  title   = {Sistem Pertahanan Keamanan Rakyat Semesta (SISHANKAMRATA)},
  author  = {{Mustafrizal Fikri, Psiko Anggi, Saragih Hidorath Wahyu, Prameswari Dyanti}},
  year    = {2013},
  urldate = {2025-05-23},
  howpublished = {\url{https://id.scribd.com/doc/260044334/HANKAMRATA-docx}},
}
@misc{TZMKO,
  title   = {Artikel Mbak Iko tentang TZMKO 1939},
  author  = {{Waqaf Ilmu Nusantara}},
  year    = {2023},
  month   = {April},
  howpublished = {\url{https://waqafilmunusantara.com/wp-content/uploads/2023/04/artikel-4-Mbak-Iko.pdf}},
}
@article{sissu,
  title   = {Sistem Pertahanan dan Keamanan Rakyat Semesta (SISHANKAMRATA) (2)},
  author  = {{Scribd}},
  year    = {Accessed on 2024-07-15},
  howpublished = {\url{https://id.scribd.com/doc/260044334/HANKAMRATA-docx}},
}
@article{rustam2015tantangan,
  title={Tantangan ALKI dalam Mewujudkan Cita-cita Indonesia sebagai Poros Maritim Dunia},
  author={Rustam, Ismah},
  journal={Indonesian Perspective},
  volume={1},
  number={1},
  pages={1--21},
  year={2015},
  month={January--June},
  institution={Universitas Mataram}
}
